<?xml version="1.0" encoding="UTF-8"?>
  <record xmlns="http://www.loc.gov/MARC21/slim" type="Authority">
    <leader>00000nz  a2200000oc 4500</leader>
    <controlfield tag="001">1214459374</controlfield>
    <controlfield tag="003">DE-101</controlfield>
    <controlfield tag="005">20200724123830.0</controlfield>
    <controlfield tag="008">200724n||aznnnaabn           | aaa    |c</controlfield>
    <datafield tag="024" ind1="7" ind2=" ">
      <subfield code="a">1214459374</subfield>
      <subfield code="0">http://d-nb.info/gnd/1214459374</subfield>
      <subfield code="2">gnd</subfield>
    </datafield>
    <datafield tag="035" ind1=" " ind2=" ">
      <subfield code="a">(DE-101)1214459374</subfield>
    </datafield>
    <datafield tag="035" ind1=" " ind2=" ">
      <subfield code="a">(DE-588)1214459374</subfield>
    </datafield>
    <datafield tag="040" ind1=" " ind2=" ">
      <subfield code="a">DE-17</subfield>
      <subfield code="c">DE-17</subfield>
      <subfield code="9">r:DE-17</subfield>
      <subfield code="b">ger</subfield>
      <subfield code="d">0017</subfield>
      <subfield code="e">rda</subfield>
    </datafield>
    <datafield tag="042" ind1=" " ind2=" ">
      <subfield code="a">gnd3</subfield>
    </datafield>
    <datafield tag="043" ind1=" " ind2=" ">
      <subfield code="c">XA-DE</subfield>
    </datafield>
    <datafield tag="075" ind1=" " ind2=" ">
      <subfield code="b">p</subfield>
      <subfield code="2">gndgen</subfield>
    </datafield>
    <datafield tag="075" ind1=" " ind2=" ">
      <subfield code="b">piz</subfield>
      <subfield code="2">gndspec</subfield>
    </datafield>
    <datafield tag="079" ind1=" " ind2=" ">
      <subfield code="a">g</subfield>
      <subfield code="q">f</subfield>
    </datafield>
    <datafield tag="100" ind1="1" ind2=" ">
      <subfield code="a">Grandhomme, Johann</subfield>
      <subfield code="d">1624-1667</subfield>
    </datafield>
    <datafield tag="400" ind1="1" ind2=" ">
      <subfield code="a">Grandhoms, Johannes</subfield>
      <subfield code="d">1624-1667</subfield>
    </datafield>
    <datafield tag="400" ind1="1" ind2=" ">
      <subfield code="a">Grandhomme, Jean</subfield>
      <subfield code="d">1624-1667</subfield>
    </datafield>
    <datafield tag="548" ind1=" " ind2=" ">
      <subfield code="a">1624-1667</subfield>
      <subfield code="4">datl</subfield>
      <subfield code="4">https://d-nb.info/standards/elementset/gnd#dateOfBirthAndDeath</subfield>
      <subfield code="w">r</subfield>
      <subfield code="i">Lebensdaten</subfield>
    </datafield>
    <datafield tag="548" ind1=" " ind2=" ">
      <subfield code="a">18.11.1651</subfield>
      <subfield code="4">rela</subfield>
      <subfield code="4">https://d-nb.info/standards/elementset/gnd#associatedDate</subfield>
      <subfield code="w">r</subfield>
      <subfield code="i">Relation allgemein</subfield>
    </datafield>
    <datafield tag="548" ind1=" " ind2=" ">
      <subfield code="a">06.04.1658</subfield>
      <subfield code="4">rela</subfield>
      <subfield code="4">https://d-nb.info/standards/elementset/gnd#associatedDate</subfield>
      <subfield code="w">r</subfield>
      <subfield code="i">Relation allgemein</subfield>
    </datafield>
    <datafield tag="548" ind1=" " ind2=" ">
      <subfield code="a">24.06.1624-29.06.1667</subfield>
      <subfield code="4">datx</subfield>
      <subfield code="4">https://d-nb.info/standards/elementset/gnd#dateOfBirthAndDeath</subfield>
      <subfield code="w">r</subfield>
      <subfield code="i">Exakte Lebensdaten</subfield>
    </datafield>
    <datafield tag="550" ind1=" " ind2=" ">
      <subfield code="0">(DE-101)041802098</subfield>
      <subfield code="0">(DE-588)4180209-3</subfield>
      <subfield code="0">https://d-nb.info/gnd/4180209-3</subfield>
      <subfield code="a">Schultheiß</subfield>
      <subfield code="4">beru</subfield>
      <subfield code="4">https://d-nb.info/standards/elementset/gnd#professionOrOccupation</subfield>
      <subfield code="w">r</subfield>
      <subfield code="i">Beruf</subfield>
    </datafield>
    <datafield tag="550" ind1=" " ind2=" ">
      <subfield code="0">(DE-101)04002475X</subfield>
      <subfield code="0">(DE-588)4002475-1</subfield>
      <subfield code="0">https://d-nb.info/gnd/4002475-1</subfield>
      <subfield code="a">Apotheker</subfield>
      <subfield code="4">beru</subfield>
      <subfield code="4">https://d-nb.info/standards/elementset/gnd#professionOrOccupation</subfield>
      <subfield code="w">r</subfield>
      <subfield code="i">Beruf</subfield>
    </datafield>
    <datafield tag="550" ind1=" " ind2=" ">
      <subfield code="a">Amtschreiber</subfield>
      <subfield code="4">beru</subfield>
      <subfield code="4">https://d-nb.info/standards/elementset/gnd#professionOrOccupation</subfield>
      <subfield code="w">r</subfield>
      <subfield code="i">Beruf</subfield>
    </datafield>
    <datafield tag="551" ind1=" " ind2=" ">
      <subfield code="0">(DE-101)001383744</subfield>
      <subfield code="0">(DE-588)138374-7</subfield>
      <subfield code="0">https://d-nb.info/gnd/138374-7</subfield>
      <subfield code="a">Sainte-Marie-aux-Mines</subfield>
      <subfield code="4">ortg</subfield>
      <subfield code="4">https://d-nb.info/standards/elementset/gnd#placeOfBirth</subfield>
      <subfield code="w">r</subfield>
      <subfield code="i">Geburtsort</subfield>
    </datafield>
    <datafield tag="551" ind1=" " ind2=" ">
      <subfield code="0">(DE-101)04011077X</subfield>
      <subfield code="0">(DE-588)4011077-1</subfield>
      <subfield code="0">https://d-nb.info/gnd/4011077-1</subfield>
      <subfield code="a">Darmstadt</subfield>
      <subfield code="4">ortw</subfield>
      <subfield code="4">https://d-nb.info/standards/elementset/gnd#placeOfActivity</subfield>
      <subfield code="w">r</subfield>
      <subfield code="i">Wirkungsort</subfield>
    </datafield>
    <datafield tag="551" ind1=" " ind2=" ">
      <subfield code="0">(DE-101)1066499365</subfield>
      <subfield code="0">(DE-588)1066499365</subfield>
      <subfield code="0">https://d-nb.info/gnd/1066499365</subfield>
      <subfield code="a">Dornberg</subfield>
      <subfield code="g">Groß-Gerau</subfield>
      <subfield code="4">ortw</subfield>
      <subfield code="4">https://d-nb.info/standards/elementset/gnd#placeOfActivity</subfield>
      <subfield code="w">r</subfield>
      <subfield code="i">Wirkungsort</subfield>
    </datafield>
    <datafield tag="551" ind1=" " ind2=" ">
      <subfield code="0">(DE-101)946523185</subfield>
      <subfield code="0">(DE-588)4398126-4</subfield>
      <subfield code="0">https://d-nb.info/gnd/4398126-4</subfield>
      <subfield code="a">Büttelborn</subfield>
      <subfield code="4">ortw</subfield>
      <subfield code="4">https://d-nb.info/standards/elementset/gnd#placeOfActivity</subfield>
      <subfield code="w">r</subfield>
      <subfield code="i">Wirkungsort</subfield>
    </datafield>
    <datafield tag="670" ind1=" " ind2=" ">
      <subfield code="a">Vorlage ; https://gedbas.genealogy.net/</subfield>
    </datafield>
    <datafield tag="672" ind1=" " ind2="0">
      <subfield code="a">Cor Optans Et Possidens, Ein seelig Wünsch- und besitzendes Herz, Gezeiget Auß dem 73. Psalmen, vers. 25.26. Das ist: Christliche Leich-und Trost-Predigt, Bey trauriger und Christlicher Leich-Begängnuß, Deß Weyland Ehrn-Vesten und Vorachtbahrn Herrn, Johann Grandhoms, Gewesenen Schultheissen zu Büttelborn und Ampt-Schreibers deß Ampts Dornberg, Welcher Sambstags den 29. Junii Anno 1667. diese Welt gesegnet, und den folgenden 2. Julii Christlich zu Büttelborn zur Erden bestattet worden. Daselbsten Gethan, durch: Johann Petrum Reichardum, Diaconum zu Grossen Geraw und Pfarrern zu Büttelborn, Darmstadt: C.Abel, [1667]</subfield>
    </datafield>
    <datafield tag="678" ind1=" " ind2=" ">
      <subfield code="b">Aus Elsass. Laut dem Leichenpredigt Lateinschule in St.Gallen, dann Ausbildung als Apotheker zu Pforzheim (1646), Speyer  (1648), Worms (1649). Heiratet 18.11.1651 in Darmstadt Anna Sybille, Tochter des Ratsverwandters Peter Dreiyecher. 1656 Amtsschreiber zu Dornberg bei Groß-Gerau. Ab 06.04.1658 Schultheiß in Büttelborn. † 29.06.1667</subfield>
    </datafield>
  </record>
